@electronic{sharma2017,
  author={Sharma, Abhishek}, 
  title={Mobile Price Classification},
  titleaddon={kaggle},
  year=2017,
  url={https://www.kaggle.com/iabhishekofficial/mobile-price-classification}
}

@misc{scikit_2020,
  author        = {{scikit-learn}},
  title         = {{6.3. Preprocessing data}},
  howpublished  = "Accedida 14 Sept., 2021 [En línea]", 
  url           = "https://scikit-learn.org/stable/modules/preprocessing.html#preprocessing"
}

@misc{zaric_2019,
  author={Zaric, Drazen},
  title={Better Heatmaps and Correlation Matrix Plots in Python},
  titleaddon={towards data science},
  year=2019,
  note={En línea},
  url={https://towardsdatascience.com/better-heatmaps-and-correlation-matrix-plots-in-python-41445d0f2bec}
}

@misc{scikit_2021,
  author        = {{scikit-learn}},
  title         = {{Receiver Operating Characteristic (ROC)}},
  howpublished  = "Accedida 15 Sept., 2021 [En línea]", 
  url           = "https://scikit-learn.org/stable/auto_examples/model_selection/plot_roc.html"
}

@misc{torstensson_2009,
  author        = {Torstensson, Åsa},
  year = 2009,
  title         = {{TeliaSonera first in the world with 4G services}},
  url           = "https://web.archive.org/web/20100706212217/http://www.teliasonera.com/News-and-Archive/Press-releases/2009/TeliaSonera-first-in-the-world-with-4G-services/"
}

